<?xml version="1.0" encoding="UTF-8"?><collection xmlns="http://www.loc.gov/MARC21/slim"><record><leader>00519nam--2200193-u-4500</leader><controlfield tag="001">000055900</controlfield><controlfield tag="002">20161230</controlfield><controlfield tag="005">20161230201052</controlfield><controlfield tag="008">130814s1000------------r-----000-0-rus-d</controlfield><datafield ind1=" " ind2=" " tag="040"><subfield code="a">IFIN-HH</subfield></datafield><datafield ind1=" " ind2=" " tag="041"><subfield code="a">rus</subfield></datafield><datafield ind1=" " ind2=" " tag="080"><subfield code="a">519.83</subfield></datafield><datafield ind1="1" ind2=" " tag="100"><subfield code="a">Keselava, D.A</subfield></datafield><datafield ind1="1" ind2="0" tag="245"><subfield code="a">Voprosi vicislitelnoi tehniki i upravlenia</subfield><subfield code="c">D.a. kveselava (red.)</subfield></datafield><datafield ind1=" " ind2=" " tag="260"><subfield code="a">Tbilisi</subfield><subfield code="b">Metniereba</subfield><subfield code="c">1978</subfield></datafield><datafield ind1=" " ind2=" " tag="300"><subfield code="a">197P</subfield></datafield><datafield ind1=" " ind2=" " tag="490"><subfield code="a">Matematiceskaia I Tehniceskaia Kibernetika</subfield></datafield><datafield ind1=" " ind2=" " tag="852"><subfield code="a">49093</subfield><subfield code="c">519.4/5</subfield></datafield><datafield ind1=" " ind2=" " tag="CAT"><subfield code="a">Sys</subfield><subfield code="c">20130814</subfield><subfield code="h">154608</subfield></datafield></record></collection>